@misc {WikiBook2022LaTeX,
   url = {https://en.wikibooks.org/wiki/LaTeX},
   year = {2021},
   title = {LaTeX WikiBook},
   author = {WikiBook},
}


@misc {Pattern Recognition and Machine Learning,
   url = {https://books.google.com/books/about/Pattern_Recognition_and_Machine_Learning.html?id=HL4HrgEACAAJ&source=kp_book_description},
   year = {2013},
   title = {Pattern Recognition and Machine Learning},
   author = {Christopher M. Bishsop},
}
@misc {Machine learning,
   url = {https://www.sas.com/en_us/insights/analytics/machine-learning.html},
   year = {2015},
   title = {Machine Learning what is it and why it matters},
   author = {SAS},
}
@misc {The Anatomy of a Cryptocurrency Pump-and-Dump Scheme,
   url = {https://arxiv.org/abs/1811.10109},
   year = {2018},
   title = {The Anatomy of a Cryptocurrency Pump-and-Dump Scheme},
   author = {Jiahua Xu, Benjamin Livshits},
}

@misc {Neural Network,
   url = {https://mlfromscratch.com/neural-networks-explained/#/},
   year = {2019},
   title = {Neural Networks: Feedforward and Backpropagation Explained & Optimization},
   author = {CASPER HANSEN},
}

@misc {Machine learning crypto scan,
   url = {https://www.technologyreview.com/2018/12/04/1771/machine-learning-identifies-cryptocurrency-scams-before-they-happen/},
   year = {2018},
   title = {Machine learning identifies cryptocurrency scams before they happen},
   author = {Emerging Technology},
}

@misc {pattern recognition,
   url = {https://www.section.io/engineering-education/understanding-pattern-recognition-in-machine-learning/},
   year = {2021},
   title = {Understanding Pattern Recognition in Machine Learning},
   author = {Onesmus Mbaabu},
}

@misc {stock market prediction,
   url = {https://www.ncbi.nlm.nih.gov/pmc/articles/PMC8345893/},
   year = {2021},
   title = {Improving stock trading decisions based on pattern recognition using machine learning technology},
   author = {Yaohu Lin, Shancun Liu, Haijun Yang , Harris Wu, Bingbing Jiang},
}


@misc {Crypto market prediciton,
   url = {https://jfin-swufe.springeropen.com/articles/10.1186/s40854-020-00217-x},
   year = {2021},
   title = {Forecasting and trading cryptocurrencies with machine learning under changing market conditions},
   author = {Helder Sebasti√£o, Pedro Godinho },
}