%% This BibTeX bibliography file was created using BibDesk.
%% https://bibdesk.sourceforge.io/

%% Created for Haotian at 2022-05-05 17:20:22 -0700 


%% Saved with string encoding Unicode (UTF-8) 



@misc{BC,
	author = {UC Berkeley},
	date-added = {2022-05-07 17:18:32 -0700},
	date-modified = {2022-05-07 17:19:10 -0700},
	title = {Project3: Reinforcement Learning},
	year = {2014},
	Url = {http://ai.berkeley.edu/reinforcement.html}}

