%% This BibTeX bibliography file was created using BibDesk.
%% https://bibdesk.sourceforge.io/

%% Created for Haotian at 2022-05-05 17:20:22 -0700 


%% Saved with string encoding Unicode (UTF-8) 



@misc{AlphaGo,
	author = {DeepMind},
	date-added = {2022-05-05 17:18:32 -0700},
	date-modified = {2022-05-05 17:19:10 -0700},
	title = {AlphaGo},
	year = {2022},
	Bdsk-Url-1 = {https://www.deepmind.com/research/highlighted-research/alphago}}

@misc{Accuracy,
	author = {Exsilio Solutions},
	date-added = {2022-05-05 17:16:19 -0700},
	date-modified = {2022-05-05 17:17:07 -0700},
	month = {September},
	title = {Accuracy, Precision, Recall & F1 Score: Interpretation of Performance Measures},
	year = {2016},
	Bdsk-Url-1 = {https://blog.exsilio.com/all/accuracy-precision-recall-f1-score-interpretation-of-performance-measures/}}

@misc{Dylan,
	author = {Dylan},
	date-added = {2022-05-05 17:14:18 -0700},
	date-modified = {2022-05-05 17:15:18 -0700},
	howpublished = {Blog},
	month = {August},
	title = {AlphaGo Zero demystified},
	year = {2018},
	Bdsk-Url-1 = {https://dylandjian.github.io/alphago-zero/}}

@misc{Java,
	author = {Baeldung},
	date-added = {2022-05-05 17:08:08 -0700},
	date-modified = {2022-05-05 17:08:51 -0700},
	howpublished = {Online},
	month = {Oct},
	title = {Monte Carlo Tree Search for Tic-Tac-Toe Game in Java},
	year = {2020},
	Bdsk-Url-1 = {https://www.baeldung.com/java-monte-carlo-tree-search}}

@misc{DeepBlue,
	author = {IBM},
	date-added = {2022-05-05 17:06:54 -0700},
	date-modified = {2022-05-05 17:07:29 -0700},
	title = {Deep Blue},
	Bdsk-Url-1 = {https://www.ibm.com/ibm/history/ibm100/us/en/icons/deepblue/}}

@misc{Surag,
	author = {Surag},
	date-added = {2022-05-05 17:03:47 -0700},
	date-modified = {2022-05-05 17:04:25 -0700},
	howpublished = {Online},
	month = {December},
	title = {A Simple Alpha(Go) Zero Tutorial},
	year = {2017},
	Bdsk-Url-1 = {https://web.stanford.edu/~surag/posts/alphazero.html}}

@misc{Wenzhi,
	author = {Meiyan LI, Wenzhi Huang},
	date-added = {2022-05-05 17:01:53 -0700},
	date-modified = {2022-05-05 17:01:53 -0700},
	month = {oct},
	title = {Research and Implementation of Chinses Chess Game Algorithm Based on Reinforcement Learning},
	year = {2020},
	Bdsk-Url-1 = {https://ieeexplore.ieee.org/document/9253458}}

@misc{Report,
	author = {YIfang Jin, Shaun Benjamin},
	date-added = {2022-05-05 16:58:13 -0700},
	date-modified = {2022-05-05 17:02:52 -0700},
	title = {CME 323, Report},
	Bdsk-Url-1 = {https://stanford.edu/~rezab/classes/cme323/S15/projects/montecarlo_search_tree_report.pdf}}

@article{EMCTSXQ,
	author = {Maximilian Lange},
	date-added = {2022-05-05 16:55:54 -0700},
	date-modified = {2022-05-05 16:57:08 -0700},
	title = {Evaluation of Monte-Carlo Tree Search for Xiangqi},
	year = {2021},
	Bdsk-Url-1 = {https://ml-research.github.io/papers/langer2021xiangqi.pdf}}

@misc{4M,
	author = {Michale Schrage},
	date-added = {2022-04-19 16:01:54 -0700},
	date-modified = {2022-05-05 16:51:27 -0700},
	howpublished = {Online},
	month = {Januray},
	title = {4 Models for Using AI to Make Decisions},
	url = {https://hbr.org/2017/01/4-models-for-using-ai-to-make-decisions},
	year = {2017},
	Bdsk-Url-1 = {https://www.theatlantic.com/technology/archive/2016/03/the-invisible-opponent/475611/}}

@misc{BillGates,
	author = {Ina Fried},
	date-added = {2022-04-19 15:58:19 -0700},
	date-modified = {2022-04-19 15:59:24 -0700},
	title = {Bill Gates talks about why artificial intelligence is nearly here and how to solve two big problems it creates},
	url = {https://www.vox.com/2016/6/1/11833340/bill-gates-ai-artificial-intelligence},
	year = {2016},
	Bdsk-Url-1 = {https://www.vox.com/2016/6/1/11833340/bill-gates-ai-artificial-intelligence}}

@misc{EthicalIssue,
	author = {Bernd Carsten Stahl},
	date-added = {2022-04-19 15:51:23 -0700},
	date-modified = {2022-04-19 15:55:43 -0700},
	month = {March},
	title = {Ethical Issues of AI Ethical Issues of AI},
	url = {https://www.ncbi.nlm.nih.gov/pmc/articles/PMC7968615/},
	year = {2021},
	Bdsk-Url-1 = {https://venturebeat.com/2019/11/11/ai-ethics-is-all-about-power/}}

@misc{XiangQi,
	author = {Baidu},
	date-modified = {2022-05-05 16:49:25 -0700},
	howpublished = {Internet},
	title = {https://baike.baidu.com/item/中国象棋/278314},
	url = {https://appen.com/blog/ai-model-maintenance-guide-to-managing-model/},
	year = {2022},
	Bdsk-Url-1 = {https://appen.com/blog/ai-model-maintenance-guide-to-managing-model/}}

@misc{EnergyConsumption,
	author = {Mark Labbe},
	date-modified = {2022-04-19 15:46:48 -0700},
	month = {August},
	title = {Energy consumption of AI poses environmental problems},
	url = {https://https://www.techtarget.com/searchenterpriseai/feature/Energy-consumption-of-AI-poses-environmental-problems/wiki/LaTeX},
	year = {2021},
	Bdsk-Url-1 = {https://https://www.techtarget.com/searchenterpriseai/feature/Energy-consumption-of-AI-poses-environmental-problems/wiki/LaTeX}}

@misc{MCTSAG,
	author = {Jonathan Hui},
	date-modified = {2022-05-05 16:54:02 -0700},
	howpublished = {Online},
	month = {May},
	title = {Monte Carlo Tree Search (MCTS) in AlphaGo Zero Monte Carlo Tree Search (MCTS) in AlphaGo Zero},
	url = {https://jonathan-hui.medium.com/monte-carlo-tree-search-mcts-in-alphago-zero-8a403588276a},
	year = {2018},
	Bdsk-Url-1 = {https://venturebeat.com/2019/11/11/ai-ethics-is-all-about-power/}}

@misc{WorldBank,
	author = {The World Bank},
	date-modified = {2022-04-19 16:03:29 -0700},
	month = {April},
	title = {Disability Inclusion},
	url = {https://www.worldbank.org/en/topic/disability#1},
	year = {2022},
	Bdsk-Url-1 = {https://www.worldbank.org/en/topic/disability#1}}